<?xml version="1.0" encoding="UTF-8"?><collection xmlns="http://www.loc.gov/MARC21/slim"><record><leader>00509nam--2200193-u-4500</leader><controlfield tag="001">000053432</controlfield><controlfield tag="002">20161230</controlfield><controlfield tag="005">20161230201051</controlfield><controlfield tag="008">110404s1000------------r-----000-0-eng-d</controlfield><datafield ind1=" " ind2=" " tag="020"><subfield code="a">0691010196</subfield></datafield><datafield ind1=" " ind2=" " tag="040"><subfield code="a">IFIN-HH</subfield></datafield><datafield ind1=" " ind2=" " tag="080"><subfield code="a">51-7(530.145:538.9:531.5)</subfield></datafield><datafield ind1="1" ind2=" " tag="100"><subfield code="a">Zee, A</subfield></datafield><datafield ind1="1" ind2="0" tag="245"><subfield code="a">Quantum field theory in nutshell</subfield><subfield code="c">A. zee</subfield></datafield><datafield ind1=" " ind2=" " tag="260"><subfield code="a">Princeton</subfield><subfield code="b">Princeton University Press</subfield><subfield code="c">2003</subfield></datafield><datafield ind1=" " ind2=" " tag="300"><subfield code="a">518P</subfield></datafield><datafield ind1=" " ind2="4" tag="650"><subfield code="a">Quantum field theory</subfield></datafield><datafield ind1=" " ind2=" " tag="852"><subfield code="a">81669</subfield><subfield code="c">530.145</subfield></datafield><datafield ind1=" " ind2=" " tag="CAT"><subfield code="a">Sys</subfield><subfield code="c">20110404</subfield><subfield code="h">130542</subfield></datafield></record></collection>